@misc{ireb_cpre_glossary,
  title        = {CPRE Glossary},
  author       = {{International Requirements Engineering Board (IREB)}},
  url          = {https://www.ireb.org/de/cpre/glossary/},
  urldate      = {2024-03-20},
  year         = {2024},
  month        = {1},
  note         = {Definition übersetzt von Englisch auf Deutsch},
}


@misc {taikonauten-magazine,
  title={WebXR with Babylon.js: Beginner's Guide},
  url={https://medium.com/taikonauten-magazine-english/welcome-to-the-exciting-world-of-webxr-and-babylon-js-e2dbd406dbcb},
  urldate={2024-03-15},
  author       = {Taikonauten},
  year         = {2024},
  month        = {2},
}

@book{Baruah2021,
author="Baruah, Rakesh",
title="Entering VR Through WebXR",
bookTitle="AR and VR Using the WebXR API: Learn to Create Immersive Content with WebGL, Three.js, and A-Frame",
year="2021",
publisher="Apress",
address="Berkeley, CA",
isbn="978-1-4842-6318-1",
doi="10.1007/978-1-4842-6318-1_6",
url="https://doi.org/10.1007/978-1-4842-6318-1_6"
}

@book{Rupp2014,
author = {Rupp, Christine and SOPHISTen, die},
title = {Requirements-Engineering und -Management},
publisher = {Carl Hanser Verlag GmbH \&amp; Co. KG},
year = {2020},
doi = {10.3139/9783446464308},
address = {München},
edition   = {7., aktualisierte und erweiterte Auflage},
URL = {https://www.hanser-elibrary.com/doi/abs/10.3139/9783446464308},
eprint = {https://www.hanser-elibrary.com/doi/pdf/10.3139/9783446464308}
}

@book{Hruschka2023,
author = {Hruschka, Peter},
title = {Business Analysis und Requirements Engineering},
publisher = {Carl Hanser Verlag GmbH \&amp; Co. KG},
year = {2023},
doi = {10.3139/9783446478190},
address = {München},
edition   = {3., updated edition},
URL = {https://www.hanser-elibrary.com/doi/abs/10.3139/9783446478190},
eprint = {https://www.hanser-elibrary.com/doi/pdf/10.3139/9783446478190}
}

@book{Wolfel2023,
author = {Wölfel, Matthias},
title = {Immersive Virtuelle Realität},
publisher = {Springer Vieweg Berlin, Heidelberg},
year = {2023},
doi = {10.1007/978-3-662-66908-2},
address = {Karlsruhe},
URL = {https://link.springer.com/book/10.1007/978-3-662-66908-2},
eprint = {https://link.springer.com/book/10.1007/978-3-662-66908-2}
}

@book{Dalton2023,
author = {Dalton, Jeremy; Acker, Olaf},
title = {Immersive Unternehmenswelten},
subtitle       = {Wie Augmented, Mixed und Virtual Reality die Wirtschaft transformieren},
publisher = {Schäffer-Poeschel Stuttgart},
year = {2023},
doi = {10.34156/978-3-7910-5689-0},
URL = {https://link.springer.com/book/10.34156/978-3-7910-5689-0},
eprint = {https://link.springer.com/book/10.34156/978-3-7910-5689-0}
}

@article{milgram1999,
  title={A taxonomy of real and virtual world display integration},
  author={Milgram, Paul and Colquhoun, Herman and others},
  journal={Mixed reality: Merging real and virtual worlds},
  volume={1},
  number={1999},
  pages={1--26},
  year={1999},
  publisher={Citeseer}
}

@online{IDFVirtualityContinuum,
  author = "{Interaction Design Foundation - IxDF}",
  title = "What is Virtuality Continuum?",
  year = "2024",
  url = "https://www.interaction-design.org/literature/topics/virtuality-continuum",
  note = "Accessed: Mar. 25, 2024"
}
